@article{al1968seventeenth,
  title={A seventeenth century chronicle of the origins and missionary activities of the Wangarawa},
  author={Al-Hajj, Muhammad},
  journal={Kano Studies},
  volume={1},
  number={4},
  pages={7--42},
  year={1968}
}
@article{tolmacheva1995medieval,
  title={The medieval Arabic geographers and the beginnings of modern Orientalism},
  author={Tolmacheva, Marina},
  journal={International Journal of Middle East Studies},
  volume={27},
  number={2},
  pages={141--156},
  year={1995},
  publisher={Cambridge University Press}
}
@article{glass1995environmental,
  title={Environmental risk factors for Lyme disease identified with geographic information systems.},
  author={Glass, Gregory E and Schwartz, Brian S and Morgan III, John M and Johnson, Dale T and Noy, Peter M and Israel, Ebenezer},
  journal={American journal of public health},
  volume={85},
  number={7},
  pages={944--948},
  year={1995},
  publisher={American Public Health Association}
}
@article{al2003groundwater,
  title={Groundwater vulnerability and risk mapping for the Basaltic aquifer of the Azraq basin of Jordan using GIS, remote sensing and DRASTIC},
  author={Al-Adamat, Rida AN and Foster, Ian DL and Baban, Serwan MJ},
  journal={Applied Geography},
  volume={23},
  number={4},
  pages={303--324},
  year={2003},
  publisher={Elsevier}
}
@article{al2003groundwater,
  title={Groundwater vulnerability and risk mapping for the Basaltic aquifer of the Azraq basin of Jordan using GIS, remote sensing and DRASTIC},
  author={Al-Adamat, Rida AN and Foster, Ian DL and Baban, Serwan MJ},
  journal={Applied Geography},
  volume={23},
  number={4},
  pages={303--324},
  year={2003},
  publisher={Elsevier}
}
@article{jones1997use,
  title={The use of geographical information systems in biodiversity exploration and conservation},
  author={Jones, Peter G and Beebe, Stephen E and Tohme, Joe and Galwey, Nicholas W},
  journal={Biodiversity \& Conservation},
  volume={6},
  number={7},
  pages={947--958},
  year={1997},
  publisher={Springer}
}
@inproceedings{shi2002assessment,
  title={Assessment of erosion risk with the rusle and Gis in the middle and lower reaches of Hanjiang River},
  author={Shi, ZH and Cai, CF and Ding, SW and Li, ZX and Wang, TW and Sun, ZC},
  booktitle={12th ISCO Conference Beijing, China},
  year={2002}
}
@book{eastman2003idrisi,
  title={IDRISI Kilimanjaro: guide to GIS and image processing},
  author={Eastman, J Ronald},
  year={2003},
  publisher={Clark Labs, Clark University Worcester}
}

@article{bagibab,
  title={BAB II PEMBAHASAN A. Perkembangan Ilmu Pengetahuan Pada Masa Rasulullah SAW dan Setelah Beliau Wafat (Masa Klasik) 1. Perkembangan Ilmu Pengetahuan Pada Masa Rasulullah},
  author={BAGI, PENGEMBANGAN DAN SUMBANGAN PERADABAN ISLAM}
}

@article{kamruddin2009selatan,
  title={Selatan Sepanyol Abad ke 8-11m: Sumbangannya Terhadap Kebangkitan Renaissance di Eropah},
  author={Kamruddin, Mohamad Kamal},
  year={2009},
  publisher={Universiti Pendidikan Sultan Idris}
}
@book{baja2012perencanaan,
  title={Perencanaan Tata Guna Lahan dalam Pengembangan Wilayah},
  author={Baja, Ir Sumbangan and Phil, M},
  year={2012},
  publisher={Penerbit Andi}
}
@article{bagibab,
  title={BAB II PEMBAHASAN A. Perkembangan Ilmu Pengetahuan Pada Masa Rasulullah SAW dan Setelah Beliau Wafat (Masa Klasik) 1. Perkembangan Ilmu Pengetahuan Pada Masa Rasulullah},
  author={BAGI, PENGEMBANGAN DAN SUMBANGAN PERADABAN ISLAM}
}
@article{asriyah2016islam,
  title={ISLAM DI SISILIA},
  author={Asriyah, Asriyah},
  journal={RIHLAH},
  volume={4},
  number={1},
  pages={169--180},
  year={2016}
}
@article{listiana2016sumber,
  title={SUMBER DAN PIRANTI REFERENSI DALAM MEMBANGUN KARAKTER STUDI ISLAM (Menelusuri Pustaka Bibliografi Barat dalam Studi Islam)},
  author={Listiana, Anisa},
  journal={LIBRARIA: Jurnal Perpustakaan},
  volume={2},
  number={2},
  year={2016}
}
