@inproceedings{peter1990Antartica,

      title={The Cenozoic history of Antarctica and its global impact },
      author={PETER-NOEL WEBB from Byrd Polar Research Center and Department of Geology and Mineralogy, The Ohio State University, Columbus, Ohio 43210, USA},
      booktitle={Journal of Antarctic Science 2},
      volume={1},
      pages={3-2},
      year={1990}
    }

@inproceedings{wardana2017rancang,
  title={RANCANG BANGUN SISTEM INFORMASI GEOGAFIS PEMETAAN RUANG UJIAN MENGGUNAKAN BOOTSTRAP DAN LEAFLET. JS (STUDI KASUS: FAKULTAS SAINS DAN TEKNOLOGI UIN SUSKA RIAU)},
  author={Wardana, Muhammad Ibnu and Jazman, Muhammad},
  booktitle={Seminar Nasional Teknologi Informasi Komunikasi dan Industri},
  pages={257-264},
  year={2017}
}

@phdthesis{irawan2016pengembangan,
  title={PENGEMBANGAN SISTEM INFORMASI GEOGRAFIS UNTUK LOKASI PARIWISATA DI KABUPATEN KEPULAUAN ANAMBAS},
  author={Irawan, S and others},
  year={2016},
  school={Universitas Widyatama}
}

