@article{umami2013eksperimentasi,
  title={Eksperimentasi Pembelajaran Matematika Dengan Model Pembelajaran Kooperatif Tipe Jigsaw Dengan Pendekatan Kontekstual Berbasis Lesson Study Pada Materi Bangun Ruang Sisi Lengkung Ditinjau Dari Gaya Belajar Siswa Kelas IX MTs Negeri Kabupaten Madiun},
  author={Umami, Farah and Kusmayadi, Tri Atmojo and Suyono, Suyono},
  journal={Jurnal Pembelajaran Matematika},
  volume={1},
  number={4},
  year={2013}
}

@misc{suharjana2009geometri,
  title={Geometri Datar dan Ruang},
  author={Suharjana, Agus},
  year={2009},
  publisher={Yogyakarta: Pusat Pengembangan dan Pemberdayaan Pendidik dan Tenaga Kependidikan Matematika}
}
@misc{suharjana2008mengenal,
  title={Mengenal bangun ruang dan sifat-sifatnya di sekolah dasar},
  author={Suharjana, Agus},
  year={2008},
  publisher={Direktorat jenderal peningkatan mutu pendidik dan tenaga kependidikan}
}
@phdthesis{nurfarikhin2010hubungan,
  title={Hubungan kemampuan pemahaman konsep dan kemampuan penalaran dengan kemampuan pemecahan masalah pada materi bangun ruang sisi lengkung peserta didik kelas IX MTs NU 24 Darul Ulum Pidodo Kulon Patebon Kendal},
  author={Nurfarikhin, Fuad},
  year={2010},
  school={IAIN Walisongo}
}
@article{suparno2013komputasi,
  title={Komputasi untuk Sains dan Teknik},
  author={Suparno, Supriyanto and Fisika-FMIPA, Departemen and Indonesia, Univeristas},
  journal={Departemen Fisika-FMIPA Universitas Indonesia},
  year={2013}
}
@article{santoso2009bahasa,
  title={Bahasa Pemrograman Python Di Platform GNU/LINUX},
  author={Santoso, Berkah and Serpong, Gading and Tangerang, INDONESIA},
  journal={Jurnal Program Studi Teknik Informatika, Fakultas Teknologi Informasi dan Komunikasi Universitas Multimedia Nusantara Gading Serpong Tanggerang},
  year={2009}
}
@article{irfani2016bahan,
  title={BAHAN AJAR DASAR PEMROGRAMAN},
  author={Irfani, Haviz and Dafid, Dafid},
  year={2016},
  publisher={STMIK GI MDP}
}
@article{utamipemrograman,
  title={PEMROGRAMAN TERDISTRIBUSI MENGGUNAKAN PYTHON MERUPAKAN ALTERNATIF YANG SEDERHANA DAN MENARIK DALAM MEMBANGUN SISTEM SEKELAS SUPERKOMPTER DENGAN ALOKASI DANA YANG RENDAH},
  author={Utami, Ema and Ridho, Mahdi}
}
@book{utami2004logika,
  title={logika algoritma dan implementasinya dlm bahasa python di gnu/linux},
  author={Utami, Ema and Raharjo, Suwanto},
  year={2004},
  publisher={Penerbit Andi}
}
