@article{suryasejarah,
  title={Sejarah Bumi},
  author={Surya, Pembentukan Tata}
}
@misc{zuhdi2012sistem,
  title={Sistem Koordinat Geografik},
  author={Zuhdi, Mohd},
  year={2012}
}
@article{mufidah2015solusi,
  title={Solusi Numerik Persamaan Poisson Menggunakan Jaringan Fungsi Radial Basis pada Koordinat Polar},
  author={Mufidah, Fatma and Jamhuri, Mohammad},
  journal={CAUCHY-JURNAL MATEMATIKA MURNI DAN APLIKASI},
  volume={3},
  number={4},
  pages={225--232},
  year={2015}
}
@article{hallam1975alfred,
  title={Alfred Wegener and the hypothesis of continental drift},
  author={Hallam, Alfred},
  journal={Scientific American},
  volume={232},
  number={2},
  pages={88--97},
  year={1975},
  publisher={JSTOR}
}
@article{shong2013analisis,
  title={ANALISIS JENIS KESILAPAN DALAM PEMBELAJARAN GEOMETRI KOORDINAT (Error Analysis of Students in the Learning of Coordinate Geometry)},
  author={Shong, Tam Siew and Chan, Khoo Swee and Sengodan, Vijaya and Jailani, Nursaadah},
  journal={Jurnal Pendidikan Matematik},
  volume={1},
  number={1},
  pages={19--30},
  year={2013}
}
@article{santoso2009bahasa,
  title={Bahasa Pemrograman Python Di Platform GNU/LINUX},
  author={Santoso, Berkah and Serpong, Gading and Tangerang, INDONESIA},
  journal={Jurnal Program Studi Teknik Informatika, Fakultas Teknologi Informasi dan Komunikasi Universitas Multimedia Nusantara Gading Serpong Tanggerang},
  year={2009}
}
@inproceedings{van2007python,
  title={Python Programming Language.},
  author={Van Rossum, Guido and others},
  booktitle={USENIX Annual Technical Conference},
  volume={41},
  pages={36},
  year={2007}
}

@article{arfian2012rekayasa,
  title={REKAYASA ALGORITMA WINNOWING PADA SISTEM PENGELOLAAN SKRIPSI SEBAGAI UPAYA MENEKAN TINGKAT PLAGIARISME},
  author={ARFIAN, HIDAYAT},
  journal={Skripsi, Fakultas Ilmu Komputer},
  year={2012}
}
