@book{irwansyah2013sistem,
  title={Sistem Informasi Geografis: prinsip dasar dan pengembangan aplikasi},
  author={Irwansyah, Edy},
  year={2013},
  publisher={DigiBook Yogyakarta}
}

@book{puntodewo2003sistem,
  title={Sistem informasi geografis untuk pengelolaan sumberdaya alam},
  author={Puntodewo, Atie and Dewi, Sonya and Tarigan, Jusupta},
  year={2003},
  publisher={CIFOR}
}

@misc{keaten1998iconic,
  title={Iconic access to remote electronic monochrome raster data format document repository},
  author={Keaten, Timothy M},
  year={1998},
  month=jan # "~27",
  publisher={Google Patents},
  note={US Patent 5,713,019}
}

@book{PostGIS in Action,
  title={PostGIS in Action},
  author={Regina O. Obe, Leo S. Hsu},
  year={2015},
  publisher={Manning Publications Co. Greenwich, CT, USA Â©2015}
}
@article{nuhdini2013sistem,
  title={SISTEM INFORMASI GEOGRAFIS (SIG) LOKASI KANTOR CABANG AJB BUMIPUTERA 1912 DI KOTA MEDAN BERBASIS WEB},
  author={NUHDINI, IKA},
  year={2013},
  publisher={Universitas Potensi Utama}
}
