@book{irwansyah2013sistem,
  title={Sistem Informasi Geografis: prinsip dasar dan pengembangan aplikasi},
  author={Irwansyah, Edy},
  year={2013},
  publisher={DigiBook Yogyakarta}
}
@book{janner2010rekayasa,
  title={Rekayasa Perangkat Lunak : software Engineering},
  autor={Simarmata,Janner},
  year={2010},
  publisher={ANDI Yogyakarta}
}
@book{Budiyanto2002sistem,
  title={Sistem Informasi Geografis Menggunakan Arcview GIS},
  author={Budiyanto,Eko},
  year={2002},
  publisher={ANDI Yogyakarta}
}
  

