@article{arifin2011visualisasi,
  title={VISUALISASI BENCANA LUMPUR LAPINDO MENGGUNAKAN JAVA APPLET},
  author={Arifin, Khusnul and Hakkun, Rizky Yuniar and others},
  journal={EEPIS Final Project},
  year={2011},
  publisher={EEPIS}
}

@article{widiatmoko2009aplikasi,
  title={Aplikasi Web Data Spasial Kependudukan Indonesia dengan Scalable Vector Graphics (SVG)},
  author={Widiatmoko, Yudha and Wahid, Fathul},
  journal={Media Informatika},
  volume={4},
  number={1},
  year={2009}
}