@misc{husein2006konsep,
  title={Konsep dasar sistem informasi geografis (geographics information system)},
  author={Husein, Rahmad},
  year={2006},
  publisher={Ilmu Komputer. com}
}

@article{prahasta2009sistem,
  title={Sistem Informasi Geografis Konsep-Konsep Dasar (Perspektif Geodesi \& Informatika},
  author={Prahasta, Eddy},
  year={2009},
  publisher={Informatika}
}

@article{hua2017sistem,
  title={Sistem Informasi Geografi (GIS): Pengenalan kepada perspektif komputer (Geographic Information System (GIS): Introduction to the computer perspective)},
  author={Hua, Ang Kean},
  journal={Geografia-Malaysian Journal of Society and Space},
  volume={11},
  number={1},
  year={2017}
}
@article{arifin2011visualisasi,
  title={VISUALISASI BENCANA LUMPUR LAPINDO MENGGUNAKAN JAVA APPLET},
  author={Arifin, Khusnul and Hakkun, Rizky Yuniar and others},
  journal={EEPIS Final Project},
  year={2011},
  publisher={EEPIS}
}

@article{widiatmoko2009aplikasi,
  title={Aplikasi Web Data Spasial Kependudukan Indonesia dengan Scalable Vector Graphics (SVG)},
  author={Widiatmoko, Yudha and Wahid, Fathul},
  journal={Media Informatika},
  volume={4},
  number={1},
  year={2009}
}
@article{wetherill1990formation,
  title={Formation of the Earth},
  author={Wetherill, George W},
  journal={Annual Review of Earth and Planetary Sciences},
  volume={18},
  number={1},
  pages={205--256},
  year={1990},
  publisher={Annual Reviews 4139 El Camino Way, PO Box 10139, Palo Alto, CA 94303-0139, USA}
}
@article{widiyati2011meningkatkan,
  title={MENINGKATKAN HASIL BELAJAR GEOGRAFI PADA MATERI SEJARAH PEMBENTUKAN BUMI DENGAN KARTU INDEKS DAN MEDIA FILM},
  author={Widiyati, Ana},
  journal={Jurnal Geografi Gea},
  volume={11},
  number={2},
  year={2011}
}
