@article{plochmann1983dictionary,
  title={Dictionary of Scientific Biography},
  author={Plochmann, George Kimball},
  journal={Journal of the History of Philosophy},
  volume={21},
  number={1},
  pages={127--128},
  year={1983},
  publisher={The Johns Hopkins University Press}
}

@book{roller2010eratosthenes,
  title={Eratosthenes'" Geography"},
  author={Roller, Duane W and others},
  year={2010},
  publisher={Princeton University Press}
}

@article{smith2005dictionary,
  title={A Dictionary of Greek and Roman Biography and Mythology, edited by William Smith},
  author={Smith, Philip},
  journal={Ann Arbor: University of Michigan Library},
  year={2005}
}

@article{chondros2010archimedes,
  title={Archimedes life works and machines},
  author={Chondros, Thomas G},
  journal={Mechanism and Machine Theory},
  volume={45},
  number={11},
  pages={1766--1775},
  year={2010},
  publisher={Elsevier}
}

@book{lasky2008librarian,
  title={The librarian who measured the earth},
  author={Lasky, Kathryn},
  year={2008},
  publisher={Little, Brown Books for Young Readers}
}

@book{nicastro2008circumference,
  title={Circumference: Eratosthenes and the ancient quest to measure the globe},
  author={Nicastro, Nicholas},
  year={2008},
  publisher={Macmillan}
}

@misc{thomasselections,
  title={Selections illustrating the history of Greek mathematics. Vol. II. From Aristarchus to Pappus, volume of Loeb Classical Library},
  author={Thomas, Ivor},
  publisher={Harvard University Press, Cambridge, Mass,. With an English translation by the editor}
}

@misc{gulickathenaeus,
  title={Athenaeus The Deipnosophists, with an English Translation, The Loeb Classical Library},
  author={Gulick, ATHBNAEUS—Charles Burton},
  publisher={Cambridge, Harvard University Press (7 vola., 1927-41)}
}

@book{grimbly2013encyclopedia,
  title={Encyclopedia of the ancient world},
  author={Grimbly, Shona},
  year={2013},
  publisher={Routledge}
}

@article{eckerman2011eratosthenes,
  title={Eratosthenes Roller Eratosthenes' Geography. Fragments Collected and Translated, with Commentary and Additional Material. Pp. xvi+ 304, maps. Princeton and Oxford: Princeton University Press, 2010. Cased,{\pounds} 34.95, US $49.50. ISBN: 978-0-691-14267-8},
  author={Eckerman, Chris},
  year={2011}
}

@article{o1998eratosthenes,
  title={Eratosthenes of Cyrene},
  author={O’Connor, J and Robertson, E},
  journal={The MacTutor},
  year={1998}
}