@phdthesis{adieb2014studi,
  title={Studi komparasi penentuan arah kiblat Istiwaaini karya Slamet Hambali dengan theodolite},
  author={Adieb, Muhammad},
  year={2014},
  school={IAIN Walisongo}
}

@article{arkanudin2008teknik,
  title={Teknik Penentuan Arah Kiblat},
  author={Arkanudin, Mutoha},
  journal={Jakarta: Lembaga Pengkajian dan Pengembangan Ilmu Falak dan Rukyatul Hilal Indonesia},
  year={2008}
}

@article{sunyoto2009api,
  title={Api location (jsr 179): standar penentuan posisi untuk telepon seluler berkemampuan java},
  author={Sunyoto, Andi},
  journal={Jurnal Dasi},
  volume={10},
  number={1},
  year={2009}
}
@misc{zuhdi2012sistem,
  title={Sistem Koordinat Geografik},
  author={Zuhdi, Mohd},
  year={2012}
}
@article{khusurur2016mengenal,
  title={MENGENAL EQUATION OF TIME, MEAN TIME, UNIVERSAL TIME/GREENWICH MEAN TIME DAN LOCAL MEAN TIME UNTUK KEPENTINGAN IBADAH},
  author={Khusurur, Misbah and Arifin, Jaenal},
  journal={YUDISIA: Jurnal Pemikiran Hukum dan Hukum Islam},
  volume={5},
  number={1},
  year={2016}
}
@article{yanti2015prevalensi,
  title={Prevalensi dan intensitas larva infektif nematoda gastrointestinal Strongylida dan Rhabditida pada kultur feses kambing (Capra sp.) di tempat pemotongan hewan kambing Pontianak},
  author={Yanti, Ari Hepi and Dhewiyanty, Varla and Setyawati, Tri Rima},
  journal={Protobiont},
  volume={4},
  number={1},
  year={2015}
}