@article{analisa2,
  title={2.1 Sumber Data 2.1. 1 Literatur Buku},
  author={ANALISA, DATA DAN}
}

@phdthesis{rofiq20173d,
  title={3d Hologram Pengenalan Hewan Kutub},
  author={Rofiq, Mohamad Irwana},
  year={2017},
  school={Universitas Muria Kudus}
}
@article{abbott2003history,
  title={History and evolution of the arctic flora: in the footsteps of Eric Hult{\'e}n},
  author={Abbott, Richard J and Brochmann, Christian},
  journal={Molecular ecology},
  volume={12},
  number={2},
  pages={299--313},
  year={2003},
  publisher={Wiley Online Library}
}

@article{wenjue2004implementation,
  title={Implementation of OGC web map service based on web service},
  author={Wenjue, Jia and Yumin, Chen and Jianya, Gong},
  journal={Geo-spatial Information Science},
  volume={7},
  number={2},
  pages={148--152},
  year={2004},
  publisher={Taylor \& Francis}
}


@inproceedings{wang2004load,
  title={A load balance algorithm for WMS [Web Map Service]},
  author={Wang, Pancheng and Yang, Chongjun and Yu, Zhanfu and Ren, Yingchao},
  booktitle={Geoscience and Remote Sensing Symposium, 2004. IGARSS'04. Proceedings. 2004 IEEE International},
  volume={5},
  pages={2920--2922},
  year={2004},
  organization={Ieee}
}

@inproceedings{wang2004load,
  title={A load balance algorithm for WMS [Web Map Service]},
  author={Wang, Pancheng and Yang, Chongjun and Yu, Zhanfu and Ren, Yingchao},
  booktitle={Geoscience and Remote Sensing Symposium, 2004. IGARSS'04. Proceedings. 2004 IEEE International},
  volume={5},
  pages={2920--2922},
  year={2004},
  organization={Ieee}
}

@article{open2006opengis,
  title={OpenGIS Web Map Service version 1.3. 0},
  author={Open Geospatial Consortium and others},
  year={2006},
  publisher={Open Geospatial Consortium (OGC)}
}  
@article{blower2013web,
  title={A Web Map Service implementation for the visualization of multidimensional gridded environmental data},
  author={Blower, Jonathan D and Gemmell, AL and Griffiths, Guy H and Haines, Keith and Santokhee, Adityarajsingh and Yang, Xiaoyu},
  journal={Environmental Modelling \& Software},
  volume={47},
  pages={218--224},
  year={2013},
  publisher={Elsevier}
}

@article{blower2013web,
  title={A Web Map Service implementation for the visualization of multidimensional gridded environmental data},
  author={Blower, Jonathan D and Gemmell, AL and Griffiths, Guy H and Haines, Keith and Santokhee, Adityarajsingh and Yang, Xiaoyu},
  journal={Environmental Modelling \& Software},
  volume={47},
  pages={218--224},
  year={2013},
  publisher={Elsevier}
}

@article{blower2013web, 
  title={A Web Map Service implementation for the visualization of multidimensional gridded environmental data}, 
  author={Blower, Jonathan D and Gemmell, AL and Griffiths, Guy H and Haines, Keith and Santokhee, Adityarajsingh and Yang, Xiaoyu}, 
  journal={Environmental Modelling \& Software}, 
  volume={47}, 
  pages={218--224}, 
  year={2013}, 
  publisher={Elsevier} 
}

@article{ariyanto2009integration,
  title={The Integration of Spatial Data WMS and KML Format with Google Maps in Bakosurtanal WebGIS.},
  author={Ariyanto, Dony},
  year={2009}
}

@inproceedings{yamamoto2009focus+,
  title={Focus+ glue+ context: An improved fisheye approach for web map services},
  author={Yamamoto, Daisuke and Ozeki, Shotaro and Takahashi, Naohisa},
  booktitle={Proceedings of the 17th ACM SIGSPATIAL International Conference on Advances in Geographic Information Systems},
  pages={101--110},
  year={2009},
  organization={ACM}
}

@article{priyanta5aplikasi,
  title={Aplikasi Mobile WEB Map Service Pada Mobile Device Dengan SVGT},
  author={Priyanta, Sigit and Imanuddin, Ghulam and Prilistya, Suci Karunia},
  journal={IJCCS (Indonesian Journal of Computing and Cybernetics Systems)},
  volume={5},
  number={1}
}

@article{wu2009design,
  title={The Design of One kind of Web Map Service Search Engine [J]},
  author={WU, Qunyong and WANG, Qinmin and WANG, Huanwei},
  journal={Microcomputer Applications},
  volume={2},
  pages={009},
  year={2009}
}

@article{wenjue2004implementation,
  title={Implementation of OGC web map service based on web service},
  author={Wenjue, Jia and Yumin, Chen and Jianya, Gong},
  journal={Geo-spatial Information Science},
  volume={7},
  number={2},
  pages={148--152},
  year={2004},
  publisher={Taylor \& Francis}
}


@inproceedings{wang2004load,
  title={A load balance algorithm for WMS [Web Map Service]},
  author={Wang, Pancheng and Yang, Chongjun and Yu, Zhanfu and Ren, Yingchao},
  booktitle={Geoscience and Remote Sensing Symposium, 2004. IGARSS'04. Proceedings. 2004 IEEE International},
  volume={5},
  pages={2920--2922},
  year={2004},
  organization={Ieee}
}

@inproceedings{wang2004load,
  title={A load balance algorithm for WMS [Web Map Service]},
  author={Wang, Pancheng and Yang, Chongjun and Yu, Zhanfu and Ren, Yingchao},
  booktitle={Geoscience and Remote Sensing Symposium, 2004. IGARSS'04. Proceedings. 2004 IEEE International},
  volume={5},
  pages={2920--2922},
  year={2004},
  organization={Ieee}
}

@article{open2006opengis,
  title={OpenGIS Web Map Service version 1.3. 0},
  author={Open Geospatial Consortium and others},
  year={2006},
  publisher={Open Geospatial Consortium (OGC)}
}
