@book{maling2013coordinate,
  title={Coordinate systems and map projections},
  author={Maling, Derek Hylton},
  year={2013},
  publisher={Elsevier}
}
@article{stern2004latitude,
  title={Latitude and longitude},
  author={Stern, David P},
  journal={Web page, NASA, Goddard Space Flight Center, Greenbelt, Maryland},
  volume={17},
  year={2004}
}
@journal{stern2004latitude,
  title={Latitude and longitude},
  author={Stern, Dr. David P},
  journal={Web page, NASA, Goddard Space Flight Center, Greenbelt, Maryland},
  volume={17},
  year={2004}
}