@inproceedings{van2007python,
  title={Python Programming Language.},
  author={Van Rossum, Guido and others},
  booktitle={USENIX Annual Technical Conference},
  volume={41},
  pages={36},
  year={2007}
}
@book{adelheid20131,
  title={1 Hari Menjadi Hacker},
  author={Adelheid, Andrea},
  year={2013},
  publisher={MediaKita}
}

@book{van1995python,
  title={Python tutorial},
  author={Van Rossum, Guido and Drake Jr, Fred L},
  year={1995},
  publisher={Centrum voor Wiskunde en Informatica Amsterdam, The Netherlands}
}