%buat referensinya

@article{graser2015processing,
  title={Processing: A python framework for the seamless integration of geoprocessing tools in QGIS},
  author={Graser, Anita and Olaya, Victor},
  journal={ISPRS International Journal of Geo-Information},
  volume={4},
  number={4},
  pages={2219--2245},
  year={2015},
  publisher={Multidisciplinary Digital Publishing Institute}
}

@article{kurniawan2016perbandingan,
  title={PERBANDINGAN FUNGSI SOFTWARE ARCGIS 10.1 DENGAN SOFTWARE QUANTUM GIS 2.14. 5 UNTUK KETERSEDIAAN DATA BERBASIS SPASIAL},
  author={Kurniawan, Jeri},
  journal={Jurnal Online Mahasiswa (JOM) Bidang Teknik Geodesi},
  volume={1},
  number={1},
  year={2016}
}

@book{marjuki2014sistem,
  title={Sistem Informasi Geografi Menggunakan QGIS 2.0.1: },
  author={Marjuki, B.},
  series={Dasar Sistem Informasi Geografi},
  url={https://books.google.co.id/books?id=9EgVCAAAQBAJ},
  year={2014}
}

@book{graser2013learning,
  title={Learning QGIS 2.0},
  author={Graser, A.},
  isbn={9781783280001},
  series={Community experience distilled},
  url={https://books.google.co.id/books?id=re3dAAAAQBAJ},
  year={2013},
  publisher={Packt Publishing}
}
@article{halchuk2014fifth,
  title={Fifth generation seismic hazard model input files as proposed to produce values for the 2015 National Building Code of Canada},
  author={Halchuk, S and Allen, TI and Adams, J and Rogers, GC},
  journal={US Geol. Surv. Canada, Open-File Rept},
  volume={7576},
  year={2014}
}

