@incollection{lupp2008open,
  title={Open Geospatial Consortium},
  author={Lupp, Markus},
  booktitle={Encyclopedia of GIS},
  pages={815--815},
  year={2008},
  publisher={Springer}
}