@article{al1968seventeenth,
  title={A seventeenth century chronicle of the origins and missionary activities of the Wangarawa},
  author={Al-Hajj, Muhammad},
  journal={Kano Studies},
  volume={1},
  number={4},
  pages={7--42},
  year={1968}
}
@article{tolmacheva1995medieval,
  title={The medieval Arabic geographers and the beginnings of modern Orientalism},
  author={Tolmacheva, Marina},
  journal={International Journal of Middle East Studies},
  volume={27},
  number={2},
  pages={141--156},
  year={1995},
  publisher={Cambridge University Press}
}
@article{glass1995environmental,
  title={Environmental risk factors for Lyme disease identified with geographic information systems.},
  author={Glass, Gregory E and Schwartz, Brian S and Morgan III, John M and Johnson, Dale T and Noy, Peter M and Israel, Ebenezer},
  journal={American journal of public health},
  volume={85},
  number={7},
  pages={944--948},
  year={1995},
  publisher={American Public Health Association}
}
@article{al2003groundwater,
  title={Groundwater vulnerability and risk mapping for the Basaltic aquifer of the Azraq basin of Jordan using GIS, remote sensing and DRASTIC},
  author={Al-Adamat, Rida AN and Foster, Ian DL and Baban, Serwan MJ},
  journal={Applied Geography},
  volume={23},
  number={4},
  pages={303--324},
  year={2003},
  publisher={Elsevier}
}
@article{al2003groundwater,
  title={Groundwater vulnerability and risk mapping for the Basaltic aquifer of the Azraq basin of Jordan using GIS, remote sensing and DRASTIC},
  author={Al-Adamat, Rida AN and Foster, Ian DL and Baban, Serwan MJ},
  journal={Applied Geography},
  volume={23},
  number={4},
  pages={303--324},
  year={2003},
  publisher={Elsevier}
}
@article{jones1997use,
  title={The use of geographical information systems in biodiversity exploration and conservation},
  author={Jones, Peter G and Beebe, Stephen E and Tohme, Joe and Galwey, Nicholas W},
  journal={Biodiversity \& Conservation},
  volume={6},
  number={7},
  pages={947--958},
  year={1997},
  publisher={Springer}
}
@inproceedings{shi2002assessment,
  title={Assessment of erosion risk with the rusle and Gis in the middle and lower reaches of Hanjiang River},
  author={Shi, ZH and Cai, CF and Ding, SW and Li, ZX and Wang, TW and Sun, ZC},
  booktitle={12th ISCO Conference Beijing, China},
  year={2002}
}
@book{eastman2003idrisi,
  title={IDRISI Kilimanjaro: guide to GIS and image processing},
  author={Eastman, J Ronald},
  year={2003},
  publisher={Clark Labs, Clark University Worcester}
}

@article{bagibab,
  title={BAB II PEMBAHASAN A. Perkembangan Ilmu Pengetahuan Pada Masa Rasulullah SAW dan Setelah Beliau Wafat (Masa Klasik) 1. Perkembangan Ilmu Pengetahuan Pada Masa Rasulullah},
  author={BAGI, PENGEMBANGAN DAN SUMBANGAN PERADABAN ISLAM}
}

@article{kamruddin2009selatan,
  title={Selatan Sepanyol Abad ke 8-11m: Sumbangannya Terhadap Kebangkitan Renaissance di Eropah},
  author={Kamruddin, Mohamad Kamal},
  year={2009},
  publisher={Universiti Pendidikan Sultan Idris}
}
@book{baja2012perencanaan,
  title={Perencanaan Tata Guna Lahan dalam Pengembangan Wilayah},
  author={Baja, Ir Sumbangan and Phil, M},
  year={2012},
  publisher={Penerbit Andi}
}
@article{bagibab,
  title={BAB II PEMBAHASAN A. Perkembangan Ilmu Pengetahuan Pada Masa Rasulullah SAW dan Setelah Beliau Wafat (Masa Klasik) 1. Perkembangan Ilmu Pengetahuan Pada Masa Rasulullah},
  author={BAGI, PENGEMBANGAN DAN SUMBANGAN PERADABAN ISLAM}
}
@article{asriyah2016islam,
  title={ISLAM DI SISILIA},
  author={Asriyah, Asriyah},
  journal={RIHLAH},
  volume={4},
  number={1},
  pages={169--180},
  year={2016}
}
@article{listiana2016sumber,
  title={SUMBER DAN PIRANTI REFERENSI DALAM MEMBANGUN KARAKTER STUDI ISLAM (Menelusuri Pustaka Bibliografi Barat dalam Studi Islam)},
  author={Listiana, Anisa},
  journal={LIBRARIA: Jurnal Perpustakaan},
  volume={2},
  number={2},
  year={2016}
}
@article{plochmann1983dictionary,
  title={Dictionary of Scientific Biography},
  author={Plochmann, George Kimball},
  journal={Journal of the History of Philosophy},
  volume={21},
  number={1},
  pages={127--128},
  year={1983},
  publisher={The Johns Hopkins University Press}
}

@book{roller2010eratosthenes,
  title={Eratosthenes'" Geography"},
  author={Roller, Duane W and others},
  year={2010},
  publisher={Princeton University Press}
}

@article{smith2005dictionary,
  title={A Dictionary of Greek and Roman Biography and Mythology, edited by William Smith},
  author={Smith, Philip},
  journal={Ann Arbor: University of Michigan Library},
  year={2005}
}

@article{chondros2010archimedes,
  title={Archimedes life works and machines},
  author={Chondros, Thomas G},
  journal={Mechanism and Machine Theory},
  volume={45},
  number={11},
  pages={1766--1775},
  year={2010},
  publisher={Elsevier}
}

@book{lasky2008librarian,
  title={The librarian who measured the earth},
  author={Lasky, Kathryn},
  year={2008},
  publisher={Little, Brown Books for Young Readers}
}

@book{nicastro2008circumference,
  title={Circumference: Eratosthenes and the ancient quest to measure the globe},
  author={Nicastro, Nicholas},
  year={2008},
  publisher={Macmillan}
}

@misc{thomasselections,
  title={Selections illustrating the history of Greek mathematics. Vol. II. From Aristarchus to Pappus, volume of Loeb Classical Library},
  author={Thomas, Ivor},
  publisher={Harvard University Press, Cambridge, Mass,. With an English translation by the editor}
}

@misc{gulickathenaeus,
  title={Athenaeus The Deipnosophists, with an English Translation, The Loeb Classical Library},
  author={Gulick, ATHBNAEUS—Charles Burton},
  publisher={Cambridge, Harvard University Press (7 vola., 1927-41)}
}

@book{grimbly2013encyclopedia,
  title={Encyclopedia of the ancient world},
  author={Grimbly, Shona},
  year={2013},
  publisher={Routledge}
}

@article{eckerman2011eratosthenes,
  title={Eratosthenes Roller Eratosthenes' Geography. Fragments Collected and Translated, with Commentary and Additional Material. Pp. xvi+ 304, maps. Princeton and Oxford: Princeton University Press, 2010. Cased,{\pounds} 34.95, US $49.50. ISBN: 978-0-691-14267-8},
  author={Eckerman, Chris},
  year={2011}
}

@article{o1998eratosthenes,
  title={Eratosthenes of Cyrene},
  author={O’Connor, J and Robertson, E},
  journal={The MacTutor},
  year={1998}
}
@phdthesis{mahendra2014sistem,
  title={SISTEM INFORMASI GEOGRAFIS BERBASIS WEB INVENTARISASI JALAN KOTA PEKANBARU MENGGUNAKAN GOOGLE MAPS API},
  author={Mahendra, Febri},
  year={2014},
  school={Universitas Islam Negeri Sultan Syarif Kasim Riau}
}
@book{irwansyah2013sistem,
  title={Sistem Informasi Geografis: prinsip dasar dan pengembangan aplikasi},
  author={Irwansyah, Edy},
  year={2013},
  publisher={DigiBook Yogyakarta}
}

