@inproceedings{deb2015towards,
  title={Towards a programmable semantic extract-transform-load framework for semantic data warehouses},
  author={Deb Nath, Rudra Pratap and Hose, Katja and Pedersen, Torben Bach},
  booktitle={Proceedings of the ACM Eighteenth International Workshop on Data Warehousing and OLAP},
  pages={15--24},
  year={2015},
  organization={ACM}
}

@article{nath2017setl,
  title={SETL: A programmable semantic extract-transform-load framework for semantic data warehouses},
  author={Nath, Rudra Pratap Deb and Hose, Katja and Pedersen, Torben Bach and Romero, Oscar},
  journal={Information Systems},
  volume={68},
  pages={17--43},
  year={2017},
  publisher={Elsevier}
}
