@article{rachmanplanet,
  title={PLANET BUMI (1)},
  author={Rachman, H Basuni}
}

@article{suryasejarah,
  title={Sejarah Bumi},
  author={Surya, Pembentukan Tata}
}
@book{irwansyah2013sistem,
  title={Sistem Informasi Geografis: prinsip dasar dan pengembangan aplikasi},
  author={Irwansyah, Edy},
  year={2013},
  publisher={DigiBook Yogyakarta}
}
